%% This BibTeX bibliography file was created using BibDesk.
%% https://bibdesk.sourceforge.io/

%% Created for Reynier Cruz Torres at 2021-05-13 19:56:01 -0700 


%% Saved with string encoding Unicode (UTF-8) 



@misc{pyjetty,
	date-added = {2021-05-13 19:55:22 -0700},
	date-modified = {2021-05-13 19:55:22 -0700},
	howpublished = {{\url{https://github.com/matplo/pyjetty}}},
	title = {{pyjetty}}}

@misc{heppy,
	date-added = {2021-05-13 19:54:32 -0700},
	date-modified = {2021-05-13 19:55:37 -0700},
	howpublished = {{\url{https://github.com/matplo/heppy}}},
	title = {{heppy}}}

@misc{Alice_AN_534,
	howpublished = {{\url{https://alice-notes.web.cern.ch/node/534}}},
	title = {{ALICE analysis note, Measurement of charged jet cross section in pp collisions at $\sqrt{s_{NN}} = 5.02$ TeV}}}

@misc{Alice_AN_818,
	howpublished = {{\url{https://aliceinfo.cern.ch/Notes/node/818}}},
	title = {{ALICE analysis note, Measurement of charged jet spectra in Pb-Pb collisions at $\sqrt{s_{NN}} = 5.02$ TeV with ALICE at LHC (update including high interaction Pb-Pb runs)}}}

@misc{james,
	title = {James' analysis note}}

@misc{ezra,
	title = {Ezra's analysis note}}
